@article{322059,
 author = {Lewis, Harry R.},
 title = {Renaming a Set of Clauses as a Horn Set},
 journal = {J. ACM},
 volume = {25},
 number = {1},
 year = {1978},
 issn = {0004-5411},
 pages = {134--135},
 doi = {http://doi.acm.org/10.1145/322047.322059},
 publisher = {ACM},
 address = {New York, NY, USA},
 }

