@inproceedings{semanticAnnotation,
    author = {Jackie Man-Kit Leung and Thomas Mandl and
              Elizabeth Latronico and Charles Shelton and Edward
              A. Lee and Stavros Tripakis and Ben Lickly},
    title = {Scalable Semantic Annotation using Lattice-based
              Ontologies},
    booktitle = {12th International Conference on Model Driven
              Engineering Languages and Systems},
    organization = {ACM/IEEE},
    day = {4-9},
    month = {October},
    year = {2009},
}

@inproceedings{realationalInterfaces,
 author = {Tripakis, Stavros and Lickly, Ben and Henzinger, Thomas A. and Lee, Edward A.},
 title = {On relational interfaces},
 booktitle = {EMSOFT '09: Proceedings of the seventh ACM international conference on Embedded software},
 year = {2009},
 isbn = {978-1-60558-627-4},
 pages = {67--76},
 location = {Grenoble, France},
 doi = {http://doi.acm.org/10.1145/1629335.1629346},
 publisher = {ACM},
 address = {New York, NY, USA},
 }
